@misc{naaktgeboren_beck_lafay,
 title={On Illustrating Carnot’s General Proposition by Means of Reversible Stirling Engines},
 url={engrxiv.org/96kng},
 publisher={engrXiv},
 author={Naaktgeboren, C. and Beck, Klunger A. É. and Lafay, Jean-Marc S.}
}
