@misc{2020-NaaktgeborenC+LafayJM-CarnotPrinciple-engrXiv-rev01,
 title={On Illustrating Carnot’s General Proposition by Means of Reversible Stirling Engines},
 url={engrxiv.org/96kng},
 DOI={10.31224/osf.io/96kng},
 publisher={engrXiv},
 author={Naaktgeboren, C. and Beck, Klunger A. É. and Lafay, Jean-Marc S.},
 year={2020},
 month={May},
}

